@misc{siteCea,
  title = "Projetos de Aeronaves  I: Projeto conceitual / Projeto Preliminar",
  howpublished = "\url{http://www.demec.ufmg.br/cea/projeto%20de%20aeronaves%20I.htm}",
  note = "Acesso em 2 de Abril de 2018"
}

@misc{airliners,
  title = "Airliners.net: Aircraft Technical Data \& Specifications",
  howpublished = "\url{http://www.airliners.net/aircraft-data}",
  note = "Acesso em 7 de Abril de 2018"
}

@article{barros,
  title={Uma metodologia para o desenvolvimento de projeto de Aeronaves Leves e Subs{\^o}nicas},
  author={Barros, Claudio P},
  journal={Belo Horizonte},
  year={2001}
}

@book{gudmundsson,
  title={General aviation aircraft design: Applied Methods and Procedures},
  author={Gudmundsson, Snorri},
  year={2013},
  publisher={Butterworth-Heinemann}
}

@misc{iata,
  title = "IATA: 2036 Forecast Reveals Air Passengers Will Nearly Double to 7.8 Billion",
  howpublished = "\url{http://www.iata.org/pressroom/pr/Pages/2017-10-24-01.aspx}",
  note = "Acesso em 15 de Abril de 2018"
}

@misc{fiaeroweb,
  title = "FI-Aeroweb: U.S. Commercial Aircraft Fleet 2016",
  howpublished = "\url{http://www.fi-aeroweb.com/US-Commercial-Aircraft-Fleet.html}",
  note = "Acesso em 15 de Abril de 2018"
}

@book{sadraey2017aircraft,
  title={Aircraft Performance: An Engineering Approach},
  author={Sadraey, Mohammad H},
  year={2017},
  publisher={CRC Press}
}

@book{janes2009aircraft,
  title={Jane's all the world's aircraft},
  author={Paul Jackson},
  year={100th 2009-2010 ed. edition},
  publisher={Janes Information Group}
}

@techreport{nasatn6800,
    author    = "Chester H. Wolowicz and Roxanah B. Yancey",
    title     = "Longitudinal Aerodynamic Characteristics of Light, Twin-Engine, Propeller-Driven Airplanes",
    institution = "National Aeronautics and Space Administration",
    year      = "1972",
    month    = "Junho",
    number   = "D-6800",
    address  = "Washington, D.C. - Estados Unidos",
    note     = "NASA Technical Note"
}

@misc{boeing:787,
	title = "Boeing 787 from the ground up",
	howpublished = "\url{http://www.boeing.com/commercial/aeromagazine/articles/qtr_4_06/article_04_2.html}",
/note = "Acesso em 23 de Abril de 2018"
}

@misc{airbus:a350xwb,
    title = "A350  XWB Family",
    howpublished = "http://www.airbus.com/aircraft/passenger-aircraft/a350xwb-family.html",
    note = "Acesso em 23 de Abril de 2018"
}

@article{weisshaar1980forward,
  title={of Forward Swept Composite Wings Divergence},
  author={Weisshaar, Terrence A},
  journal={Journal of Aircraft},
  volume={17},
  number={6},
  pages={442--448},
  year={1980}
}
@misc{emmanuel2009patent,
 author={Gall Pierre-Emmanuel and Cros Christophe},
 title ="AIRCRAFT HAVING REDUCED ENVIRONMENTAL IMPACT",
 year = {2009},
 month = {01},
 day = {22},
 number = {US2009020643},
 type = {Patent},
 version = {},
 url = {https://worldwide.espacenet.com/publicationDetails/biblio?CC=US&NR=2009020643A1&KC=A1&FT=D&ND=&date=20090122&DB=&locale=en_EP},
 abstract = {Aircraft having reduced environmental impact. According to the invention, said aircraft comprises at least one engine (10) with at least one propeller (12, 13) carried, at the rear, on the top of said aircraft with the propeller(s) located in vertical alignment with the rear part (2R) of the noise barrier cell and the rear face (16) of the burst zone (14) situated forward of the central part (8C) of the empennage box (8).}
}

@article{nasa:propfan,
  title={Full Scale Technology Demonstration of a Modern Counterrotating Unducted Fan Engine Concept: Design Report},
  author={Engines, GE Aircraft},
  journal={NASA CR-180867},
  year={1987}
}

@misc{ge:propfan,
author={John Croft},
title={Open rotor noise not a barrier to entry: GE},
year={2012},
month={7},
day={5},
howpublished={\url{https://www.flightglobal.com/news/articles/open-rotor-noise-not-a-barrier-to-entry-ge-373817/}},
note={Acesso em 23 de Abril de 2018}
}

@misc{safran:propfan,
title = {Safran celebrates successful start of Open Rotor demonstrator tests on new open-air test rig in southern France},
howpublished={\url{https://www.safran-group.com/media/safran-celebrates-successful-start-open-rotor-demonstrator-tests-new-open-air-test-rig-southern-france-20171003}},
note={Acesso em 23 de Abril de 2018}
}

@misc{AISWEB:aerodromos,
author={Departamento de Controle do Espaço Aéreo},
title={AISWEB Aeródromos: Informações Aeronáuticas Oficiais na WEB},
year={2018},
month={Maio},
day={16},
howpublished={\url{https://www.aisweb.aer.mil.br/?i=aerodromos}},
note={Acesso em 16 de maio de 2018}
}

@book{anderson1999aircraft,
  title={Aircraft performance and design},
  author={Anderson, John David},
  year={1999},
  publisher={McGraw-Hill Science/Engineering/Math}
}

@misc{raymer2012aircraft,
  title={Aircraft Design: A Conceptual Approach},
  author={Raymer, Daniel},
  year={2012},
  publisher={American Institute of Aeronautics and Astronautics, Inc.}
}
@InProceedings{xfoil,
    author="Drela, Mark",
    editor="Mueller, Thomas J.",
    title="XFOIL: An Analysis and Design System for Low Reynolds Number Airfoils",
    booktitle="Low Reynolds Number Aerodynamics",
    year="1989",
    publisher="Springer Berlin Heidelberg",
    address="Berlin, Heidelberg",
    pages="1--12",
    abstract="Calculation procedures for viscous/inviscid analysis and mixed-inverse design of subcritical airfoils are presented. An inviscid linear-vorticity panel method with a Karman-Tsien compressiblity correction is developed for direct and mixed-inverse modes. Source distributions superimposed on the airfoil and wake permit modeling of viscous layer influence on the potential flow. A two-equation lagged dissipation integral method is used to represent the viscous layers. Both laminar and turbulent layers are treated, with an e              9-type amplification formulation determinining the transition point. The boundary layer and transition equations are solved simultaneously with the inviscid flowfield by a global Newton method. The procedure is especially suitable for rapid analysis of low Reynolds number airfoil flows with transitional separation bubbles. Surface pressure distributions and entire polars are calculated and compared with experimental data. Design procedure examples are also presented.",
    isbn="978-3-642-84010-4"
}

@book{roskam,
  title={Airplane design},
  author={Roskam, Jan},
  year={1985},
  publisher={DARcorporation}
}

@techreport{jeracki1981low,
  title={Low and High Speed Propellers for General Aviation—Performance Potential and Recent Wind Tunnel Test Results},
  author={Jeracki, Robert J and Mitchell, Glenn A},
  year={1981},
  institution={SAE Technical Paper}
}


@book{etkin1996dynamics,
  title={Dynamics of flight: stability and control},
  author={Etkin, Bernard and Reid, Lloyd Duff},
  volume={3},
  year={1996},
  publisher={Wiley New York}
}

@book{iscold,
  title={Introducao as cargas nas aeronaves},
  author={Iscold, Paulo H},
  year={2002},
  publisher={UFMG}
}
@book{shevell1989fundamentals,
  title={Fundamentals of flight},
  author={Shevell, Richard Shepherd and Shevell, Richard S},
  volume={2},
  year={1989},
  publisher={Prentice Hall Englewood Cliffs, NJ}
}
@misc{kroo_shevell,
  title = "Kroo, I. and Shevell, R., \AA241A Course Notes: Aircraft Design, Synthesis and Analysis",
  howpublished = "\url{http://adl.stanford.edu/aa241/Home.html}",
  note = "Acessed: June 16, 2018"
}
@inproceedings{lukaczyk2015suave,
  title={Suave: An open-source environment for multi-fidelity conceptual vehicle design},
  author={Lukaczyk, Trent W and Wendorff, Andrew D and Colonno, Michael and Economon, Thomas D and Alonso, Juan J and Orra, Tarik H and Ilario, Carlos},
  booktitle={16th AIAA/ISSMO Multidisciplinary Analysis and Optimization Conference},
  pages={3087},
  year={2015}
}
@inproceedings{SUAVE,
  title={Suave: An open-source environment for conceptual vehicle design and optimization},
  author={Botero, Emilio M and Wendorff, Andrew and MacDonald, Timothy and Variyar, Anil and Vegh, Julius M and Lukaczyk, Trent W and Alonso, Juan J and Orra, Tarik H and Ilario da Silva, Carlos},
  booktitle={54th AIAA Aerospace Sciences Meeting},
  pages={1275},
  year={2016}
}
@book{boeing_perfmethods,
  title={Jet Transport Performance Methods},
  author={Boeing Commercial Airplanes, Walt Blake},
  year={2009},
  publisher={Boeing Company}
}
@misc{avl,
title = {AVL - MIT},
howpublished={\url{http://web.mit.edu/drela/Public/web/avl/}},
note={Acesso em 20 de Agosto de 2018}
}
